Sample references file.

@article{adelson1991plenoptic,
	title={The plenoptic function and the elements of early vision},
	author={Adelson, Edward H and Bergen, James R and others},
	year={1991},
	publisher={Vision and Modeling Group, Media Laboratory, Massachusetts Institute of Technology}
}

@phdthesis{wanner2014orientation,
	title={Orientation Analysis in 4D Light Fields},
	author={Wanner, Sven},
	year={2014}
}

@article{wu2017light,
	title={Light field image processing: An overview},
	author={Wu, Gaochang and Masia, Belen and Jarabo, Adrian and Zhang, Yuchen and Wang, Liangyong and Dai, Qionghai and Chai, Tianyou and Liu, Yebin},
	journal={IEEE Journal of Selected Topics in Signal Processing},
	volume={11},
	number={7},
	pages={926--954},
	year={2017},
	publisher={IEEE}
}
@article{bolles1987epipolar,
	title={Epipolar-plane image analysis: An approach to determining structure from motion},
	author={Bolles, Robert C and Baker, H Harlyn and Marimont, David H},
	journal={International journal of computer vision},
	volume={1},
	number={1},
	pages={7--55},
	year={1987},
	publisher={Springer}
}

@misc{bigun1987optimal,
	title={Optimal orientation detection of linear symmetry},
	author={Bigun, Josef},
	year={1987},
	publisher={Link{\"o}ping University Electronic Press}
}

@book{jahne2013digitale,
	title={Digitale bildverarbeitung},
	author={J{\"a}hne, Bernd},
	year={2013},
	publisher={Springer-Verlag}
}

@article{ng2005light,
  title={Light field photography with a hand-held plenoptic camera},
  author={Ng, Ren and Levoy, Marc and Br{\'e}dif, Mathieu and Duval, Gene and Horowitz, Mark and Hanrahan, Pat}
}
@inproceedings{tao2013depth,
  title={Depth from combining defocus and correspondence using light-field cameras},
  author={Tao, Michael W and Hadap, Sunil and Malik, Jitendra and Ramamoorthi, Ravi},
  booktitle={Proceedings of the IEEE International Conference on Computer Vision},
  pages={673--680},
  year={2013}
}
@article{watanabe1998rational,
  title={Rational filters for passive depth from defocus},
  author={Watanabe, Masahiro and Nayar, Shree K},
  journal={International Journal of Computer Vision},
  volume={27},
  number={3},
  pages={203--225},
  year={1998},
  publisher={Springer}
}
@article{tao2017shape,
  title={Shape estimation from shading, defocus, and correspondence using light-field angular coherence},
  author={Tao, Michael W and Srinivasan, Pratul P and Hadap, Sunil and Rusinkiewicz, Szymon and Malik, Jitendra and Ramamoorthi, Ravi},
  journal={IEEE transactions on pattern analysis and machine intelligence},
  volume={39},
  number={3},
  pages={546--560},
  year={2017},
  publisher={IEEE}
}
@article{hirschmuller2011semi,
	title={Semi-global matching-motivation, developments and applications},
	author={Hirschm{\"u}ller, Heiko},
	journal={Photogrammetric Week 11},
	pages={173--184},
	year={2011},
	publisher={Wichmann}
}
@inproceedings{hirschmuller2005accurate,
	title={Accurate and efficient stereo processing by semi-global matching and mutual information},
	author={Hirschmuller, Heiko},
	booktitle={Computer Vision and Pattern Recognition, 2005. CVPR 2005. IEEE Computer Society Conference on},
	volume={2},
	pages={807--814},
	year={2005},
	organization={IEEE}
}
@inproceedings{honauer2016benchmark,
	title={A dataset and evaluation methodology for depth estimation on 4D light fields},
	author={Honauer, Katrin and Johannsen, Ole and Kondermann, Daniel and Goldluecke, Bastian},
	booktitle={Asian Conference on Computer Vision},
	year={2016},
	organization={Springer}
}